@Book{book_1,
author = "Stephen W Fardo, Dale R. Patrick",
title = "Electrical Power Systems Technology Third Edition",
publisher = "CRC Press",
year = "2008"
}

@Book{book_2,
author = "Mukund R. Patel",
title = "Wind and Solar Power Systems Design, Analysis and Operation Second Edition",
publisher = "Taylor \& Francis Group LLC",
year = "2006"
}

@Article{article_1,
title = "https://science.nasa.gov/science-news/science-at-nasa/2002/solarcells"
}
